@book{lamport94,
    author = "Leslie Lamport",
    title = "LaTeX: A Document Preparation System",
    year = "1994",
    publisher = "Addison-Wesley",
    address = "Reading, Massachusetts"
}

@article{greenwade93,
    author = "George D. Greenwade",
    title = "The Comprehensive TeX Archive Network (CTAN)",
    year = "1993",
    journal = "TUGBoat",
    volume = "14",
    number = "3",
    pages = "342--351"
}